%% This BibTeX bibliography file was created using BibDesk.
%% http://bibdesk.sourceforge.net/


%% Created for Cole at 2014-05-04 22:10:38 -0400 


%% Saved with string encoding Unicode (UTF-8) 



@article{diestel,
	Author = {Diestel, Reinhard},
	Date-Added = {2014-05-05 02:08:29 +0000},
	Date-Modified = {2014-05-05 02:08:41 +0000},
	Journal = {Grad. Texts in Math},
	Title = {Graph Theory. 2005},
	Year = {2005}}

@article{bose,
	Author = {Bose, Prosenjit and Everett, Hazel and Wismath, Stephen},
	Date-Added = {2014-05-05 01:56:09 +0000},
	Date-Modified = {2014-05-05 01:56:47 +0000},
	Journal = {International Journal of Computational Geometry \&amp; Applications},
	Number = {06},
	Pages = {447--462},
	Publisher = {World Scientific},
	Title = {Properties of Arrangement Graphs},
	Volume = {13},
	Year = {2003}}

@book{edels,
	Author = {Edelsbrunner, Herbert},
	Date-Added = {2014-05-05 01:54:10 +0000},
	Date-Modified = {2014-05-05 01:54:30 +0000},
	Publisher = {Springer},
	Title = {Algorithms in Combinatorial Geometry},
	Volume = {10},
	Year = {1987}}

@article{kronk,
	Author = {Kronk, H.},
	Date-Added = {2012-09-29 22:01:59 -0400},
	Date-Modified = {2012-09-29 22:02:12 -0400},
	Journal = {The Many Facets of Graph Theory},
	Pages = {193--197},
	Publisher = {Springer},
	Title = {Variations on a theorem of Posa},
	Year = {1969}}

@article{shortpf,
	Author = {Kierstead, H.A. and Kostochka, A.V.},
	Date-Added = {2012-09-29 21:59:08 -0400},
	Date-Modified = {2012-09-29 21:59:33 -0400},
	Journal = {Combinatorics, Probability \&amp; Computing},
	Number = {2},
	Pages = {265},
	Publisher = {Cambridge Univ Press},
	Title = {A short proof of the Hajnal-Szemer{\'e}di theorem on equitable colouring},
	Volume = {17},
	Year = {2008}}

@article{hajnal,
	Author = {Hajnal, A. and Szemer{\'e}di, E.},
	Date-Added = {2012-09-29 21:58:02 -0400},
	Date-Modified = {2012-09-29 21:58:29 -0400},
	Journal = {Combinatorial theory and its applications},
	Pages = {601--623},
	Title = {Proof of a conjecture of Erdos},
	Volume = {2},
	Year = {1970}}

@book{gilk,
	Author = {P. Gilkey},
	Date-Added = {2012-01-02 22:27:24 -0500},
	Date-Modified = {2012-01-02 22:28:56 -0500},
	Publisher = {World Scientific},
	Title = {Geometric Properties of Natural Operators Defined by the Riemann Curvature Tensor},
	Year = {2001}}

@article{dunn,
	Author = {C. Dunn, C. Franks, J.Palmer.},
	Date-Added = {2012-01-02 22:25:40 -0500},
	Date-Modified = {2012-01-02 22:27:13 -0500},
	Journal = {arXiv:1108.2224v1 [math.GR]},
	Title = {On the Structure Group of Indecomposable Model Spaces},
	Year = {2011}}

@article{vazquez,
	Author = {Brozos-V{\'a}zquez, M. and Gilkey, P.},
	Date-Added = {2011-12-22 00:33:34 -0500},
	Date-Modified = {2011-12-22 00:34:09 -0500},
	Journal = {Journal of Fixed Point Theory and Applications},
	Number = {1},
	Pages = {87--96},
	Publisher = {Springer},
	Title = {The global geometry of Riemannian manifolds with commuting curvature operators},
	Volume = {1},
	Year = {2007}}

@article{pandey,
	Author = {H. B. Pandey},
	Date-Added = {2011-12-20 13:43:40 -0500},
	Date-Modified = {2011-12-20 13:46:47 -0500},
	Journal = {Indian Journal of Pure and Applied Mathematics},
	Month = {Jan},
	Number = {1},
	Pages = {55-60},
	Title = {Cartesian Product of Two Manifolds},
	Volume = {12},
	Year = {1981}}

@article{cal06,
	Author = {Calamoneri, T.},
	Date-Added = {2011-10-16 22:42:14 -0400},
	Date-Modified = {2011-10-17 01:02:28 -0400},
	Journal = {The Computer Journal},
	Number = {5},
	Pages = {585},
	Publisher = {Br Computer Soc},
	Title = {The L(h,k)-labelling problem: A survey and annotated bibliography},
	Volume = {49},
	Year = {2006}}

@article{chang96,
	Author = {Chang, G.J. and Kuo, D.},
	Date-Added = {2011-10-16 22:21:50 -0400},
	Date-Modified = {2011-10-17 01:02:40 -0400},
	Journal = {SIAM Journal on Discrete Mathematics},
	Number = {2},
	Pages = {309--316},
	Publisher = {[Philadelphia, Pa.]: The Society,[c1988-},
	Title = {The L(2,1)-labeling problem on graphs},
	Volume = {9},
	Year = {1996}}

@inproceedings{hav08,
	Author = {Havet, F. and Reed, B. and Sereni, J.S.},
	Booktitle = {Proceedings of the nineteenth annual ACM-SIAM symposium on Discrete algorithms},
	Date-Added = {2011-10-16 21:19:26 -0400},
	Date-Modified = {2011-10-17 01:04:28 -0400},
	Organization = {Society for Industrial and Applied Mathematics},
	Pages = {621--630},
	Title = {L(2,1)-labelling of graphs},
	Year = {2008}}

@article{hav11,
	Author = {Havet, F. and Klazar, M. and Kratochv{\'\i}l, J. and Kratsch, D. and Liedloff, M.},
	Date-Added = {2011-10-16 21:15:58 -0400},
	Date-Modified = {2011-10-17 01:03:23 -0400},
	Journal = {Algorithmica},
	Pages = {1--26},
	Publisher = {Springer},
	Title = {Exact algorithms for L(2,1)-labeling of graphs},
	Year = {2011}}

@article{gon2005,
	Author = {Daniel Gon{\c c}alves},
	Date-Added = {2011-10-16 21:14:52 -0400},
	Date-Modified = {2011-10-17 01:03:35 -0400},
	Doi = {10.1.1.83.1188},
	Journal = {In Proc. Eur. Conf. on combinatorics, graph theory and apps. (EUROCOMB '05)},
	Pages = {81--86},
	Title = {On the L(p,1)-labelling of graphs},
	Volume = {5},
	Year = {2005},
	Bdsk-Url-1 = {http://citeseerx.ist.psu.edu/viewdoc/summary?doi=10.1.1.83.1188}}

@article{kral01,
	Author = {Daniel Kral and Kral, Daniel and Skrekovski, Riste"},
	Date-Added = {2011-10-16 21:10:48 -0400},
	Date-Modified = {2011-10-16 22:12:01 -0400},
	Doi = {10.1.1.2.8245},
	Title = {A Theorem about the Channel Assignment Problem},
	Year = {2001},
	Bdsk-Url-1 = {http://citeseerx.ist.psu.edu/viewdoc/summary?doi=10.1.1.2.8245}}

@article{fiala01,
	Author = {Fiala, J. and Kloks, T. and others},
	Date-Added = {2011-10-16 21:06:18 -0400},
	Date-Modified = {2011-10-17 01:03:09 -0400},
	Journal = {Discrete Applied Mathematics},
	Number = {1},
	Pages = {59--72},
	Publisher = {Elsevier},
	Title = {Fixed-parameter complexity of $\lambda$-labelings},
	Volume = {113},
	Year = {2001}}

@article{griggs92,
	Author = {Griggs, J.R. and Yeh, R.K.},
	Date-Added = {2011-10-16 21:04:10 -0400},
	Date-Modified = {2011-10-16 22:12:55 -0400},
	Journal = {SIAM Journal on Discrete Mathematics},
	Number = {4},
	Pages = {586},
	Title = {Labeling graphs with a condition at distance 2},
	Volume = {5},
	Year = {1992}}

@article{yeh06,
	Author = {Yeh, R.K.},
	Date-Added = {2011-10-16 21:00:57 -0400},
	Date-Modified = {2011-10-16 22:11:48 -0400},
	Journal = {Discrete Mathematics},
	Number = {12},
	Pages = {1217--1231},
	Publisher = {Elsevier},
	Title = {A survey on labeling graphs with a condition at distance two},
	Volume = {306},
	Year = {2006}}
